<?xml version="1.0" encoding="UTF-8"?><record xmlns="http://www.loc.gov/MARC21/slim" xmlns:cinclude="http://apache.org/cocoon/include/1.0" xmlns:zs="http://www.loc.gov/zing/srw/">
  <leader>00545cz  a2200193n  4500</leader>
  <controlfield tag="001">n  42014111 </controlfield>
  <controlfield tag="003">DLC</controlfield>
  <controlfield tag="005">20081224075018.0</controlfield>
  <controlfield tag="008">830406nc acaabaaan          |a ana      </controlfield>
  <datafield tag="010" ind1=" " ind2=" ">
    <subfield code="a">n  42014111 </subfield>
  </datafield>
  <datafield tag="035" ind1=" " ind2=" ">
    <subfield code="a">(OCoLC)oca00013326</subfield>
  </datafield>
  <datafield tag="040" ind1=" " ind2=" ">
    <subfield code="a">DLC</subfield>
    <subfield code="b">eng</subfield>
    <subfield code="c">DLC</subfield>
    <subfield code="d">OCoLC</subfield>
  </datafield>
  <datafield tag="130" ind1=" " ind2="0">
    <subfield code="a">Kai yuan cong shu</subfield>
  </datafield>
  <datafield tag="430" ind1=" " ind2="0">
    <subfield code="w">nne</subfield>
    <subfield code="a">Kʻai yüan tsʻung shu</subfield>
  </datafield>
  <datafield tag="643" ind1=" " ind2=" ">
    <subfield code="a">Taibei Shi</subfield>
    <subfield code="b">Rui de chu ban she dist.</subfield>
    <subfield code="b">Kai yuan shu dian</subfield>
  </datafield>
  <datafield tag="644" ind1=" " ind2=" ">
    <subfield code="a">f</subfield>
    <subfield code="5">DLC</subfield>
  </datafield>
  <datafield tag="645" ind1=" " ind2=" ">
    <subfield code="a">n</subfield>
    <subfield code="5">DLC</subfield>
  </datafield>
  <datafield tag="646" ind1=" " ind2=" ">
    <subfield code="a">s</subfield>
    <subfield code="5">DLC</subfield>
  </datafield>
  <datafield tag="670" ind1=" " ind2=" ">
    <subfield code="a">Chu, Hsiu-chen. I tsʻeng sha wu i tsʻeng chʻing, 1980.</subfield>
  </datafield>
</record>